    @article{KelagerSPH,
        author = {Kelager, Micky},
        year = {2006},
        month = {01},
        pages = {},
        title = {Lagrangian Fluid Dynamics Using Smoothed Particle Hydrodynamics},
        volume = {77},
        journal = {Camb. Monogr. Mech.}
    }

    @article{StaubachSPH,
        author = {Staubach, D},
        year = {2010},
        month = {12},
        pages = {},
        title = {Smoothed Particle Hydrodynamics Real-Time Fluid Simulation Approach}
    }
    
    @inproceedings{Evap&Cond,
        author = {Hochstetter, Hendrik and Kolb, Andreas},
        year = {2017},
        month = {07},
        pages = {1-9},
        title = {Evaporation and condensation of SPH-based fluids},
        isbn = {978-1-4503-5091-4},
        doi = {10.1145/3099564.3099580}
    }
    
    @inbook{GPUGemsPrefixSum,
        author = {Harris, Mark and Sengupta, Shubhabrata and Owens, John},
        year = {2007},
        month = {08},
        pages = {851-},
        title = {Parallel prefix sum (scan) with CUDA},
        volume = {39},
        journal = {In GPU Gems 3. Addison-Wesley}
    }
    
    @mastersthesis{Medvecky-Heretik2018thesis,
        AUTHOR = "MEDVECKÝ-HERETIK, Jakub",
        TITLE = "Simulace vody v herním prostředí [online]",
        YEAR = "2018 [cit. 2021-01-07]",
        TYPE = "Diplomová práce",
        SCHOOL = "Masarykova univerzita, Fakulta informatiky, Brno",
        SUPERVISOR = "Jiří Chmelík",
        URL = "Dostupné z WWW <https://is.muni.cz/th/mfkg2/>",
    }
    
    @misc{hoetzlein_2020,
        title={Fluids V.3: Interactive Million Particle Fluids}, url={https://rchoetzlein.com/website/fluids3},
        journal={Rama Hoetzlein},
        publisher={Rama Hoetzlein},
        author={Hoetzlein, Rama C},
        year={2020},
        month={Apr}
    }
    
    @misc{simscale_2020,
        title={What Are the Navier-Stokes Equations?: SimScale Numerics},
        url={https://www.simscale.com/docs/simwiki/numerics-background/what-are-the-navier-stokes-equations/},
        journal={SimScale},
        year={2020},
        month={Oct}
    }

    @misc{StejskalJan2013Pmks,
        publisher = {Vysoké učení technické v Brně. Fakulta strojního inženýrství},
        year = {2013},
        title = {Proudění magnetické kapaliny s aplikací Binghamova modelu},
        language = {cze},
        author = {Stejskal, Jan},
        keywords = {Magnetická kapalina; Binghamova kapalina; nenewtonská kapalina; analytické řešení proudění; numerické řešení proudění; Magnetic fluid; Bingham fluid; non-newtonian fluid; analytical solution of flow; numerical solution of flow},
    }

    @misc{webglFluid,
        title={Fluid Simulation (with WebGL demo)}, url={http://jamie-wong.com/2016/08/05/webgl-fluid-simulation/}, 
        journal={Zero Wind :: Jamie Wong},
        publisher={Jamie Wong},
        year={2016},
        month={Aug}
    }
    
    @misc{GPUGemsGridFLuid,
        title={GPU Gems}, url={https://developer.download.nvidia.com/books/HTML/gpugems/gpugems_ch38.html},
        journal={GPU Gems - Chapter 38. Fast Fluid Dynamics Simulation on the GPU}, publisher={Nvidia},
        year={2007},
        month={Sep}
    }
    
    @article{article,
        author = {Stam, Jos},
        year = {2003},
        month = {05},
        pages = {},
        title = {Real-Time Fluid Dynamics for Games}
    }

@article{Monaghan77,
    author = {Gingold, R. A. and Monaghan, J. J.},
    title = "{Smoothed particle hydrodynamics: theory and application to non-spherical stars}",
    journal = {Monthly Notices of the Royal Astronomical Society},
    volume = {181},
    number = {3},
    pages = {375-389},
    year = {1977},
    month = {12},
    issn = {0035-8711},
    doi = {10.1093/mnras/181.3.375},
    url = {https://doi.org/10.1093/mnras/181.3.375},
    eprint = {https://academic.oup.com/mnras/article-pdf/181/3/375/3104055/mnras181-0375.pdf},
}

@ARTICLE{Lucy77,
       author = {{Lucy}, L.~B.},
        title = "{A numerical approach to the testing of the fission hypothesis.}",
      journal = {\aj},
     keywords = {Binary Stars, Hypotheses, Nuclear Fission, Numerical Analysis, Protostars, Stellar Evolution, Astronomical Models, Difference Equations, Gas Dynamics, Monte Carlo Method, Numerical Stability, Particle Motion, Stellar Rotation, Astrophysics},
         year = 1977,
        month = dec,
       volume = {82},
        pages = {1013-1024},
          doi = {10.1086/112164},
       adsurl = {https://ui.adsabs.harvard.edu/abs/1977AJ.....82.1013L},
      adsnote = {Provided by the SAO/NASA Astrophysics Data System}
}

@ARTICLE{Monaghan92,
       author = {{Monaghan}, J.~J.},
        title = "{Smoothed particle hydrodynamics.}",
      journal = {\araa},
     keywords = {Computational Fluid Dynamics, Finite Difference Theory, Hydrodynamics, Kernel Functions, Particle Energy, Particle Mass, Angular Momentum, Partial Differential Equations, Particle In Cell Technique, Pressure Gradients, Astrophysics},
         year = 1992,
        month = jan,
       volume = {30},
        pages = {543-574},
          doi = {10.1146/annurev.aa.30.090192.002551},
       adsurl = {https://ui.adsabs.harvard.edu/abs/1992ARA&A..30..543M},
      adsnote = {Provided by the SAO/NASA Astrophysics Data System}
}

    @article{Liu2010,
        author = {Liu, M. and Liu, G.R.},
        year = {2010},
        month = {03},
        pages = {25-76},
        title = {Smoothed Particle Hydrodynamics (SPH): an Overview and Recent Developments},
        volume = {17},
        journal = {Archives of Computational Methods in Engineering},
        doi = {10.1007/s11831-010-9040-7}
    }
    
    @inproceedings{Muller03,
        author = {Müller, Matthias and Charypar, David and Gross, Markus},
        year = {2003},
        month = {07},
        pages = {154-159},
        title = {Particle-Based Fluid Simulation for Interactive Applications},
        volume = {2003},
        isbn = {1581136595},
        journal = {Fluid Dynamics}
    }
    
@inproceedings{Desbrun96,
        author = {Desbrun, Mathieu and Gascuel, Marie-Paule},
        title = {Smoothed Particles: A New Paradigm for Animating Highly Deformable Bodies},
        year = {1996},
        isbn = {3211828850},
        publisher = {Springer-Verlag},
        address = {Berlin, Heidelberg},
        booktitle = {Proceedings of the Eurographics Workshop on Computer Animation and Simulation '96},
        pages = {61–76},
        numpages = {16},
        location = {Poitiers, France}
    }

@article{Cleary99,
        title = "Conduction Modelling Using Smoothed Particle Hydrodynamics",
        journal = "Journal of Computational Physics",
        volume = "148",
        number = "1",
        pages = "227 - 264",
        year = "1999",
        issn = "0021-9991",
        doi = "https://doi.org/10.1006/jcph.1998.6118",
        url = "http://www.sciencedirect.com/science/article/pii/S0021999198961186",
        author = "Paul W Cleary and Joseph J Monaghan",
    }
    
    @article{SMITH94,
        title = "Measurement and analysis of evaporation from an inactive outdoor swimming pool",
        journal = "Solar Energy",
        volume = "53",
        number = "1",
        pages = "3 - 7",
        year = "1994",
        issn = "0038-092X",
        doi = "https://doi.org/10.1016/S0038-092X(94)90597-5",
        url = "http://www.sciencedirect.com/science/article/pii/S0038092X94905975",
        author = "Charles C. Smith and George Löf and Randy Jones",
    }
    
    @book{yau1996short,
        title={A Short Course in Cloud Physics},
        author={Yau, M.K. and Rogers, R.R.},
        isbn={9780080570945},
        url={https://books.google.cz/books?id=ClKbCgAAQBAJ},
        year={1996},
        publisher={Elsevier Science}
    }


  @inproceedings{Stam99,
        author = {Stam, Jos},
        title = {Stable Fluids},
        year = {1999},
        isbn = {0201485605},
        publisher = {ACM Press/Addison-Wesley Publishing Co.},
        address = {USA},
        url = {https://doi.org/10.1145/311535.311548},
        doi = {10.1145/311535.311548},
        booktitle = {Proceedings of the 26th Annual Conference on Computer Graphics and Interactive Techniques},
        pages = {121–128},
        numpages = {8},
        keywords = {animation of fluids, Navier-Stokes, implicit elliptic PDE solvers, advected textures, stable solvers, gaseous phenomena, interactive modeling},
        series = {SIGGRAPH '99}
    }

    @inproceedings {Ihmsen14,
        booktitle = {Eurographics 2014 - State of the Art Reports},
        editor = {Sylvain Lefebvre and Michela Spagnuolo},
        title = {{SPH Fluids in Computer Graphics}},
        author = {Ihmsen, Markus and Orthmann, Jens and Solenthaler, Barbara and Kolb, Andreas and Teschner, Matthias},
        year = {2014},
        publisher = {The Eurographics Association},
        ISSN = {1017-4656},
        DOI = {10.2312/egst.20141034}
    }




